<?xml version="1.0" encoding="UTF-8"?>
<!DOCTYPE html PUBLIC "-//W3C//DTD XHTML 1.0 Transitional//EN"
    "http://www.w3.org/TR/xhtml1/DTD/xhtml1-transitional.dtd">
<html xmlns="http://www.w3.org/1999/xhtml" xml:lang="en" lang="en">
 <head>
  <title>
</title>
<meta http-equiv="Content-Type" content="text/html;charset=utf-8" />
  <meta name='ocr-system' content='tesseract 3.04.00' />
  <meta name='ocr-capabilities' content='ocr_page ocr_carea ocr_par ocr_line ocrx_word'/>
</head>
<body>
  <div class='ocr_page' id='page_1' title='image "./joalbertifabrie00fabrgoog_0485.png"; bbox 0 0 3412 4904; ppageno 0'>
   <div class='ocr_carea' id='block_1_1' title="bbox 269 466 1184 509">
    <p class='ocr_par' dir='ltr' id='par_1_1' title="bbox 269 466 1184 509">
     <span class='ocr_line' id='line_1_1' title="bbox 269 466 1184 509; baseline -0.011 0"><span class='ocrx_word' id='word_1_1' title='bbox 269 466 1184 509; x_wconf 54' lang='lat' dir='ltr'><em>..w-...-</em></span> 
     </span>
    </p>
   </div>
   <div class='ocr_carea' id='block_1_2' title="bbox 541 521 1265 627">
    <p class='ocr_par' dir='ltr' id='par_1_2' title="bbox 541 521 1265 627">
     <span class='ocr_line' id='line_1_2' title="bbox 541 521 1265 627; baseline -0.022 -12"><span class='ocrx_word' id='word_1_2' title='bbox 541 560 550 587; x_wconf 92' lang='lat'>·-</span> <span class='ocrx_word' id='word_1_3' title='bbox 627 521 825 627; x_wconf 67' lang='lat' dir='ltr'>nultum</span> <span class='ocrx_word' id='word_1_4' title='bbox 847 536 884 607; x_wconf 80' lang='lat' dir='ltr'>tr</span> <span class='ocrx_word' id='word_1_5' title='bbox 906 531 1116 622; x_wconf 55' lang='lat' dir='ltr'>citatissimo</span> <span class='ocrx_word' id='word_1_6' title='bbox 1143 532 1265 601; x_wconf 71' lang='lat' dir='ltr'>emo</span> 
     </span>
    </p>
   </div>
   <div class='ocr_carea' id='block_1_3' title="bbox 277 640 1629 1049">
    <p class='ocr_par' dir='ltr' id='par_1_3' title="bbox 277 640 1629 1049">
     <span class='ocr_line' id='line_1_3' title="bbox 277 640 1629 1049; baseline -0.018 -29"><span class='ocrx_word' id='word_1_7' title='bbox 277 654 717 1012; x_wconf 68' lang='lat' dir='ltr'>uun</span> <span class='ocrx_word' id='word_1_8' title='bbox 739 640 1629 1049; x_wconf 57' lang='lat' dir='ltr'>ppmpm</span> 
     </span>
    </p>
   </div>
   <div class='ocr_carea' id='block_1_4' title="bbox 289 1212 1634 1605">
    <p class='ocr_par' dir='ltr' id='par_1_4' title="bbox 289 1212 1634 1605">
     <span class='ocr_line' id='line_1_4' title="bbox 289 1212 1634 1605; baseline -0.004 -283"><span class='ocrx_word' id='word_1_9' title='bbox 289 1212 693 1605; x_wconf 73' lang='lat' dir='ltr'>Dimum</span> <span class='ocrx_word' id='word_1_10' title='bbox 713 1269 792 1319; x_wconf 72' lang='lat' dir='ltr'>mea</span> <span class='ocrx_word' id='word_1_11' title='bbox 813 1243 859 1320; x_wconf 74' lang='lat' dir='ltr'>ae</span> <span class='ocrx_word' id='word_1_12' title='bbox 877 1240 1019 1329; x_wconf 63' lang='lat' dir='ltr'>mum</span> <span class='ocrx_word' id='word_1_13' title='bbox 1044 1235 1520 1319; x_wconf 71' lang='lat' dir='ltr'>minutermmramna</span> <span class='ocrx_word' id='word_1_14' title='bbox 1534 1236 1634 1317; x_wconf 67' lang='lat' dir='ltr'>anun</span> 
     </span>
     <span class='ocr_line' id='line_1_5' title="bbox 478 1339 1634 1429; baseline -0.005 -23"><span class='ocrx_word' id='word_1_15' title='bbox 478 1348 583 1429; x_wconf 83' lang='lat' dir='ltr'>agenti,</span> <span class='ocrx_word' id='word_1_16' title='bbox 603 1363 635 1405; x_wconf 82' lang='lat' dir='ltr'>ao</span> <span class='ocrx_word' id='word_1_17' title='bbox 652 1343 719 1405; x_wconf 85' lang='lat' dir='ltr'>nibil</span> <span class='ocrx_word' id='word_1_18' title='bbox 734 1342 867 1425; x_wconf 72' lang='lat' dir='ltr'>ejusmodi</span> <span class='ocrx_word' id='word_1_19' title='bbox 888 1346 1021 1429; x_wconf 78' lang='lat' dir='ltr'><strong>cogitanti</strong></span> <span class='ocrx_word' id='word_1_20' title='bbox 1044 1343 1062 1403; x_wconf 76' lang='grc' dir='ltr'>ὲ</span> <span class='ocrx_word' id='word_1_21' title='bbox 1080 1342 1186 1403; x_wconf 82' lang='lat' dir='ltr'>calamo</span> <span class='ocrx_word' id='word_1_22' title='bbox 1209 1339 1317 1406; x_wconf 75' lang='lat' dir='ltr'>ecidit.</span> <span class='ocrx_word' id='word_1_23' title='bbox 1358 1344 1426 1399; x_wconf 83' lang='lat' dir='ltr'>Eam</span> <span class='ocrx_word' id='word_1_24' title='bbox 1449 1339 1548 1420; x_wconf 81' lang='lat' dir='ltr'>publici</span> <span class='ocrx_word' id='word_1_25' title='bbox 1567 1342 1634 1422; x_wconf 74' lang='lat' dir='ltr'>jutia</span> 
     </span>
    </p>
   </div>
   <div class='ocr_carea' id='block_1_5' title="bbox 239 1420 1659 4295">
    <p class='ocr_par' dir='ltr' id='par_1_5' title="bbox 481 1420 1633 1511">
     <span class='ocr_line' id='line_1_6' title="bbox 481 1420 1633 1511; baseline -0.003 -20"><span class='ocrx_word' id='word_1_26' title='bbox 481 1433 564 1491; x_wconf 85' lang='lat' dir='ltr'>facere</span> <span class='ocrx_word' id='word_1_27' title='bbox 584 1432 630 1493; x_wconf 77' lang='lat' dir='ltr'>viar</span> <span class='ocrx_word' id='word_1_28' title='bbox 649 1448 771 1511; x_wconf 88' lang='lat' dir='ltr'>unquam</span> <span class='ocrx_word' id='word_1_29' title='bbox 788 1431 817 1489; x_wconf 90' lang='lat' dir='ltr'>in</span> <span class='ocrx_word' id='word_1_30' title='bbox 834 1432 959 1489; x_wconf 75' lang='lat' dir='ltr'>animum</span> <span class='ocrx_word' id='word_1_31' title='bbox 976 1424 1150 1499; x_wconf 75' lang='lat' dir='ltr'>induxiss&#39;cm.</span> <span class='ocrx_word' id='word_1_32' title='bbox 1169 1423 1287 1494; x_wconf 80' lang='lat' dir='ltr'>nibTu‚</span> <span class='ocrx_word' id='word_1_33' title='bbox 1305 1420 1483 1485; x_wconf 67' lang='lat' dir='ltr'>eruditissime</span> <span class='ocrx_word' id='word_1_34' title='bbox 1502 1422 1633 1488; x_wconf 62' lang='lat' dir='ltr'>otiam·</span> 
     </span>
    </p>

    <p class='ocr_par' dir='ltr' id='par_1_6' title="bbox 484 1504 1633 1597">
     <span class='ocr_line' id='line_1_7' title="bbox 484 1504 1633 1597; baseline -0.003 -22"><span class='ocrx_word' id='word_1_35' title='bbox 484 1517 524 1585; x_wconf 84' lang='lat' dir='ltr'>le,</span> <span class='ocrx_word' id='word_1_36' title='bbox 541 1517 588 1592; x_wconf 92' lang='lat' dir='ltr'>qui</span> <span class='ocrx_word' id='word_1_37' title='bbox 611 1518 699 1573; x_wconf 81' lang='lat' dir='ltr'>innata</span> <span class='ocrx_word' id='word_1_38' title='bbox 716 1515 817 1597; x_wconf 84' lang='lat' dir='ltr'>ingenii</span> <span class='ocrx_word' id='word_1_39' title='bbox 831 1511 993 1592; x_wconf 70' lang='lat' dir='ltr'>prestantia,</span> <span class='ocrx_word' id='word_1_40' title='bbox 1011 1530 1043 1572; x_wconf 82' lang='lat' dir='ltr'>ac</span> <span class='ocrx_word' id='word_1_41' title='bbox 1057 1510 1223 1581; x_wconf 76' lang='lat' dir='ltr'>subtilitate,</span> <span class='ocrx_word' id='word_1_42' title='bbox 1247 1507 1280 1569; x_wconf 90' lang='lat' dir='ltr'>de</span> <span class='ocrx_word' id='word_1_43' title='bbox 1302 1507 1404 1576; x_wconf 86' lang='lat' dir='ltr'>rebur,</span> <span class='ocrx_word' id='word_1_44' title='bbox 1437 1528 1500 1588; x_wconf 77' lang='lat' dir='ltr'>quae</span> <span class='ocrx_word' id='word_1_45' title='bbox 1515 1504 1552 1569; x_wconf 79' lang='lat' dir='ltr'>ad</span> <span class='ocrx_word' id='word_1_46' title='bbox 1573 1511 1633 1597; x_wconf 72' lang='lat' dir='ltr'>lite·</span> 
     </span>
    </p>

    <p class='ocr_par' dir='ltr' id='par_1_7' title="bbox 239 1590 1659 4295">
     <span class='ocr_line' id='line_1_8' title="bbox 479 1590 1632 1677; baseline -0.006 -19"><span class='ocrx_word' id='word_1_47' title='bbox 479 1619 523 1659; x_wconf 80' lang='lat' dir='ltr'>eas</span> <span class='ocrx_word' id='word_1_48' title='bbox 546 1599 685 1676; x_wconf 67' lang='lat' dir='ltr'>spectant.</span> <span class='ocrx_word' id='word_1_49' title='bbox 708 1616 766 1657; x_wconf 89' lang='lat' dir='ltr'>non</span> <span class='ocrx_word' id='word_1_50' title='bbox 784 1596 857 1657; x_wconf 80' lang='lat' dir='ltr'>secut</span> <span class='ocrx_word' id='word_1_51' title='bbox 876 1596 1004 1677; x_wconf 67' lang='lat' dir='ltr'>pefecte,</span> <span class='ocrx_word' id='word_1_52' title='bbox 1025 1610 1104 1675; x_wconf 84' lang='lat' dir='ltr'>atque</span> <span class='ocrx_word' id='word_1_53' title='bbox 1122 1594 1157 1655; x_wconf 93' lang='lat' dir='ltr'>de</span> <span class='ocrx_word' id='word_1_54' title='bbox 1176 1597 1277 1655; x_wconf 72' lang='lat' dir='ltr'>caeteris</span> <span class='ocrx_word' id='word_1_55' title='bbox 1292 1590 1551 1672; x_wconf 72' lang='lat' dir='ltr'>aequissmesenpet</span> <span class='ocrx_word' id='word_1_56' title='bbox 1568 1610 1632 1673; x_wconf 87' lang='lat' dir='ltr'>pec·</span> 
     </span>
     <span class='ocr_line' id='line_1_9' title="bbox 297 1674 1631 1767; baseline -0.008 -20"><span class='ocrx_word' id='word_1_57' title='bbox 297 1686 422 1747; x_wconf 70' lang='lat' dir='ltr'>nunciati</span> <span class='ocrx_word' id='word_1_58' title='bbox 440 1687 487 1760; x_wconf 86' lang='lat' dir='ltr'>qui</span> <span class='ocrx_word' id='word_1_59' title='bbox 498 1684 641 1760; x_wconf 81' lang='lat' dir='ltr'>multiplici</span> <span class='ocrx_word' id='word_1_60' title='bbox 652 1683 699 1742; x_wconf 86' lang='lat' dir='ltr'>illa</span> <span class='ocrx_word' id='word_1_61' title='bbox 712 1684 879 1767; x_wconf 67' lang='lat' dir='ltr'>linguntur,</span> <span class='ocrx_word' id='word_1_62' title='bbox 894 1700 927 1741; x_wconf 85' lang='lat' dir='ltr'>ac</span> <span class='ocrx_word' id='word_1_63' title='bbox 939 1679 1135 1760; x_wconf 73' lang='lat' dir='ltr'>disciplinam</span> <span class='ocrx_word' id='word_1_64' title='bbox 1145 1681 1286 1747; x_wconf 80' lang='lat' dir='ltr'>varietate,</span> <span class='ocrx_word' id='word_1_65' title='bbox 1305 1696 1365 1756; x_wconf 79' lang='lat' dir='ltr'>quoe</span> <span class='ocrx_word' id='word_1_66' title='bbox 1376 1681 1417 1736; x_wconf 84' lang='lat' dir='ltr'>Te</span> <span class='ocrx_word' id='word_1_67' title='bbox 1436 1674 1525 1739; x_wconf 70' lang='lat' dir='ltr'>sectio</span> <span class='ocrx_word' id='word_1_68' title='bbox 1541 1676 1631 1737; x_wconf 87' lang='lat' dir='ltr'>nollro</span> 
     </span>
     <span class='ocr_line' id='line_1_10' title="bbox 296 1762 1634 1847; baseline -0.006 -17"><span class='ocrx_word' id='word_1_69' title='bbox 296 1764 688 1833; x_wconf 78' lang='lat' dir='ltr'>commendatissimumeffecit,</span> <span class='ocrx_word' id='word_1_70' title='bbox 706 1769 788 1828; x_wconf 86' lang='lat' dir='ltr'>veluti</span> <span class='ocrx_word' id='word_1_71' title='bbox 800 1767 865 1847; x_wconf 77' lang='lat' dir='ltr'>lapis</span> <span class='ocrx_word' id='word_1_72' title='bbox 888 1763 1012 1844; x_wconf 80' lang='lat' dir='ltr'>Lydius,</span> <span class='ocrx_word' id='word_1_73' title='bbox 1044 1767 1248 1845; x_wconf 79' lang='lat' dir='ltr'>uniuscujusque</span> <span class='ocrx_word' id='word_1_74' title='bbox 1272 1762 1473 1823; x_wconf 82' lang='lat' dir='ltr'>aestimationem</span> <span class='ocrx_word' id='word_1_75' title='bbox 1494 1762 1634 1843; x_wconf 73' lang='lat' dir='ltr'>updmaet</span> 
     </span>
     <span class='ocr_line' id='line_1_11' title="bbox 299 1846 1636 1933; baseline -0.004 -20"><span class='ocrx_word' id='word_1_76' title='bbox 299 1872 429 1933; x_wconf 86' lang='lat' dir='ltr'>perquam</span> <span class='ocrx_word' id='word_1_77' title='bbox 438 1850 549 1912; x_wconf 87' lang='lat' dir='ltr'>idoneus</span> <span class='ocrx_word' id='word_1_78' title='bbox 560 1868 641 1930; x_wconf 89' lang='lat' dir='ltr'>atque</span> <span class='ocrx_word' id='word_1_79' title='bbox 659 1850 753 1912; x_wconf 70' lang='lat' dir='ltr'>efficax</span> <span class='ocrx_word' id='word_1_80' title='bbox 769 1849 856 1913; x_wconf 80' lang='lat' dir='ltr'>suasor</span> <span class='ocrx_word' id='word_1_81' title='bbox 870 1847 1021 1910; x_wconf 78' lang='lat' dir='ltr'>accessrsser.</span> <span class='ocrx_word' id='word_1_82' title='bbox 1062 1847 1264 1931; x_wconf 71' lang='lat' dir='ltr'>Qamobietm</span> <span class='ocrx_word' id='word_1_83' title='bbox 1284 1864 1346 1905; x_wconf 80' lang='lat' dir='ltr'>mm</span> <span class='ocrx_word' id='word_1_84' title='bbox 1363 1846 1451 1906; x_wconf 80' lang='lat' dir='ltr'>ilibaec</span> <span class='ocrx_word' id='word_1_85' title='bbox 1471 1862 1534 1907; x_wconf 78' lang='lat' dir='ltr'>nce</span> <span class='ocrx_word' id='word_1_86' title='bbox 1547 1852 1636 1907; x_wconf 68' lang='grc' dir='ltr'>[ιω-</span> 
     </span>
     <span class='ocr_line' id='line_1_12' title="bbox 300 1928 1642 2017; baseline -0.005 -17"><span class='ocrx_word' id='word_1_87' title='bbox 300 1939 391 2000; x_wconf 80' lang='lat' dir='ltr'>beatio</span> <span class='ocrx_word' id='word_1_88' title='bbox 405 1938 447 1995; x_wconf 86' lang='lat' dir='ltr'>Te</span> <span class='ocrx_word' id='word_1_89' title='bbox 465 1945 541 2017; x_wconf 81' lang='lat' dir='ltr'>jam.</span> <span class='ocrx_word' id='word_1_90' title='bbox 558 1952 589 1995; x_wconf 89' lang='lat' dir='ltr'>ut</span> <span class='ocrx_word' id='word_1_91' title='bbox 600 1938 647 2014; x_wconf 88' lang='lat' dir='ltr'>qui</span> <span class='ocrx_word' id='word_1_92' title='bbox 656 1934 747 1995; x_wconf 79' lang='lat' dir='ltr'>abillo</span> <span class='ocrx_word' id='word_1_93' title='bbox 760 1950 897 2013; x_wconf 86' lang='lat' dir='ltr'>tempore,</span> <span class='ocrx_word' id='word_1_94' title='bbox 919 1953 976 2012; x_wconf 87' lang='lat' dir='ltr'>quo</span> <span class='ocrx_word' id='word_1_95' title='bbox 993 1930 1078 2013; x_wconf 87' lang='lat' dir='ltr'>ipsam</span> <span class='ocrx_word' id='word_1_96' title='bbox 1092 1936 1187 1992; x_wconf 82' lang='lat' dir='ltr'>Rotmc</span> <span class='ocrx_word' id='word_1_97' title='bbox 1204 1934 1273 1991; x_wconf 82' lang='lat' dir='ltr'>&#39;mter</span> <span class='ocrx_word' id='word_1_98' title='bbox 1289 1950 1360 1990; x_wconf 84' lang='lat' dir='ltr'>mear</span> <span class='ocrx_word' id='word_1_99' title='bbox 1370 1928 1506 1993; x_wconf 74' lang='lat' dir='ltr'>schedula</span> <span class='ocrx_word' id='word_1_100' title='bbox 1512 1931 1642 2003; x_wconf 61' lang='lat' dir='ltr'>moscin</span> 
     </span>
     <span class='ocr_line' id='line_1_13' title="bbox 303 2014 1640 2099; baseline -0.001 -18"><span class='ocrx_word' id='word_1_101' title='bbox 303 2020 472 2087; x_wconf 74' lang='lat' dir='ltr'>budetueem</span> <span class='ocrx_word' id='word_1_102' title='bbox 489 2019 611 2081; x_wconf 84' lang='lat' dir='ltr'>babuerit</span> <span class='ocrx_word' id='word_1_103' title='bbox 620 2044 630 2087; x_wconf 84' lang='lat'>;</span> <span class='ocrx_word' id='word_1_104' title='bbox 648 2025 779 2099; x_wconf 72' lang='lat' dir='ltr'>malorem</span> <span class='ocrx_word' id='word_1_105' title='bbox 793 2022 942 2081; x_wconf 79' lang='lat' dir='ltr'>etiemnttm</span> <span class='ocrx_word' id='word_1_106' title='bbox 951 2022 980 2077; x_wconf 91' lang='lat' dir='ltr'>in</span> <span class='ocrx_word' id='word_1_107' title='bbox 994 2016 1109 2078; x_wconf 82' lang='lat' dir='ltr'>modun</span> <span class='ocrx_word' id='word_1_108' title='bbox 1119 2014 1253 2085; x_wconf 83' lang='lat' dir='ltr'>desidero,</span> <span class='ocrx_word' id='word_1_109' title='bbox 1270 2030 1301 2074; x_wconf 86' lang='lat' dir='ltr'>ut</span> <span class='ocrx_word' id='word_1_110' title='bbox 1311 2015 1340 2075; x_wconf 80' lang='lat' dir='ltr'>de</span> <span class='ocrx_word' id='word_1_111' title='bbox 1350 2018 1391 2074; x_wconf 84' lang='lat' dir='ltr'>Te</span> <span class='ocrx_word' id='word_1_112' title='bbox 1403 2016 1555 2085; x_wconf 73' lang='lat' dir='ltr'>sam.</span> <span class='ocrx_word' id='word_1_113' title='bbox 1570 2034 1640 2079; x_wconf 72' lang='lat' dir='ltr'>moa</span> 
     </span>
     <span class='ocr_line' id='line_1_14' title="bbox 305 2096 1643 2182; baseline -0.004 -15"><span class='ocrx_word' id='word_1_114' title='bbox 305 2124 340 2167; x_wconf 81' lang='lat' dir='ltr'>ac</span> <span class='ocrx_word' id='word_1_115' title='bbox 360 2105 510 2164; x_wconf 86' lang='lat' dir='ltr'>Dominum</span> <span class='ocrx_word' id='word_1_116' title='bbox 532 2100 697 2161; x_wconf 72' lang='lat' dir='ltr'>nannscatut</span> <span class='ocrx_word' id='word_1_117' title='bbox 703 2118 712 2174; x_wconf 84' lang='lat'><em>3</em></span> <span class='ocrx_word' id='word_1_118' title='bbox 725 2100 832 2181; x_wconf 84' lang='lat' dir='ltr'>speram</span> <span class='ocrx_word' id='word_1_119' title='bbox 850 2105 994 2182; x_wconf 79' lang='lat' dir='ltr'>plurinum</span> <span class='ocrx_word' id='word_1_120' title='bbox 1012 2100 1076 2163; x_wconf 89' lang='lat' dir='ltr'>inde</span> <span class='ocrx_word' id='word_1_121' title='bbox 1101 2103 1218 2162; x_wconf 86' lang='lat' dir='ltr'>nominie</span> <span class='ocrx_word' id='word_1_122' title='bbox 1234 2102 1271 2161; x_wconf 90' lang='lat' dir='ltr'>illi</span> <span class='ocrx_word' id='word_1_123' title='bbox 1291 2101 1466 2161; x_wconf 84' lang='lat' dir='ltr'>conciliatum</span> <span class='ocrx_word' id='word_1_124' title='bbox 1479 2101 1528 2169; x_wconf 85' lang='lat' dir='ltr'>iri.</span> <span class='ocrx_word' id='word_1_125' title='bbox 1545 2096 1569 2159; x_wconf 87' lang='lat' dir='ltr'>li</span> <span class='ocrx_word' id='word_1_126' title='bbox 1585 2106 1643 2173; x_wconf 76' lang='lat' dir='ltr'>Tu.</span> 
     </span>
     <span class='ocr_line' id='line_1_15' title="bbox 306 2182 1642 2273; baseline -0.001 -29"><span class='ocrx_word' id='word_1_127' title='bbox 306 2190 355 2267; x_wconf 80' lang='lat' dir='ltr'>qui</span> <span class='ocrx_word' id='word_1_128' title='bbox 364 2202 407 2244; x_wconf 90' lang='lat' dir='ltr'>tot</span> <span class='ocrx_word' id='word_1_129' title='bbox 416 2193 472 2265; x_wconf 84' lang='lat' dir='ltr'>jcm</span> <span class='ocrx_word' id='word_1_130' title='bbox 483 2184 578 2246; x_wconf 77' lang='lat' dir='ltr'>libem</span> <span class='ocrx_word' id='word_1_131' title='bbox 586 2188 693 2249; x_wconf 75' lang='lat' dir='ltr'>feliciter</span> <span class='ocrx_word' id='word_1_132' title='bbox 705 2185 821 2254; x_wconf 71' lang='lat' dir='ltr'>edidilliz</span> <span class='ocrx_word' id='word_1_133' title='bbox 838 2201 881 2245; x_wconf 87' lang='lat' dir='ltr'>tot</span> <span class='ocrx_word' id='word_1_134' title='bbox 890 2185 1057 2273; x_wconf 76' lang='lat' dir='ltr'>grarirsrmm</span> <span class='ocrx_word' id='word_1_135' title='bbox 1067 2186 1195 2247; x_wconf 78' lang='lat' dir='ltr'>Ausiotcr</span> <span class='ocrx_word' id='word_1_136' title='bbox 1206 2206 1239 2247; x_wconf 82' lang='lat' dir='ltr'>ea</span> <span class='ocrx_word' id='word_1_137' title='bbox 1250 2182 1442 2246; x_wconf 69' lang='lat' dir='ltr'>minuissem</span> <span class='ocrx_word' id='word_1_138' title='bbox 1463 2184 1510 2245; x_wconf 82' lang='lat' dir='ltr'>illa</span> <span class='ocrx_word' id='word_1_139' title='bbox 1522 2186 1642 2267; x_wconf 71' lang='lat' dir='ltr'>smper&gt;-</span> 
     </span>
     <span class='ocr_line' id='line_1_16' title="bbox 308 2267 1645 2353; baseline 0.001 -24"><span class='ocrx_word' id='word_1_140' title='bbox 308 2290 372 2335; x_wconf 78' lang='lat' dir='ltr'>rum</span> <span class='ocrx_word' id='word_1_141' title='bbox 390 2270 489 2353; x_wconf 80' lang='lat' dir='ltr'>lingvtc</span> <span class='ocrx_word' id='word_1_142' title='bbox 508 2267 603 2329; x_wconf 71' lang='lat' dir='ltr'>nette</span> <span class='ocrx_word' id='word_1_143' title='bbox 621 2268 801 2341; x_wconf 83' lang='lat' dir='ltr'>bibliotheca,</span> <span class='ocrx_word' id='word_1_144' title='bbox 818 2290 901 2350; x_wconf 74' lang='lat' dir='ltr'>quent</span> <span class='ocrx_word' id='word_1_145' title='bbox 916 2272 952 2333; x_wconf 83' lang='lat' dir='ltr'>ab</span> <span class='ocrx_word' id='word_1_146' title='bbox 965 2281 1036 2353; x_wconf 71' lang='lat' dir='ltr'>ejus,</span> <span class='ocrx_word' id='word_1_147' title='bbox 1055 2290 1115 2351; x_wconf 67' lang='grc' dir='ltr'>(με</span> <span class='ocrx_word' id='word_1_148' title='bbox 1129 2271 1186 2330; x_wconf 78' lang='lat' dir='ltr'>rici</span> <span class='ocrx_word' id='word_1_149' title='bbox 1197 2268 1383 2331; x_wconf 80' lang='lat' dir='ltr'>Mirandulani</span> <span class='ocrx_word' id='word_1_150' title='bbox 1397 2268 1538 2350; x_wconf 70' lang='lat' dir='ltr'>&lt;pindum</span> <span class='ocrx_word' id='word_1_151' title='bbox 1553 2271 1645 2339; x_wconf 73' lang='lat' dir='ltr'>lueet.</span> 
     </span>
     <span class='ocr_line' id='line_1_17' title="bbox 310 2350 1642 2436; baseline 0.003 -23"><span class='ocrx_word' id='word_1_152' title='bbox 310 2354 467 2436; x_wconf 74' lang='lat' dir='ltr'>naufragio,</span> <span class='ocrx_word' id='word_1_153' title='bbox 485 2350 616 2413; x_wconf 90' lang='lat' dir='ltr'>immenso</span> <span class='ocrx_word' id='word_1_154' title='bbox 634 2352 680 2414; x_wconf 90' lang='lat' dir='ltr'>tibi</span> <span class='ocrx_word' id='word_1_155' title='bbox 696 2350 801 2433; x_wconf 91' lang='lat' dir='ltr'>sumptu</span> <span class='ocrx_word' id='word_1_156' title='bbox 820 2357 998 2435; x_wconf 76' lang='lat' dir='ltr'>comparasti,</span> <span class='ocrx_word' id='word_1_157' title='bbox 1022 2360 1051 2416; x_wconf 90' lang='lat' dir='ltr'>in</span> <span class='ocrx_word' id='word_1_158' title='bbox 1077 2356 1165 2416; x_wconf 89' lang='lat' dir='ltr'>lucem</span> <span class='ocrx_word' id='word_1_159' title='bbox 1183 2355 1315 2432; x_wconf 81' lang='lat' dir='ltr'>prosette,</span> <span class='ocrx_word' id='word_1_160' title='bbox 1346 2372 1378 2413; x_wconf 85' lang='lat' dir='ltr'>ac</span> <span class='ocrx_word' id='word_1_161' title='bbox 1401 2350 1511 2415; x_wconf 78' lang='lat' dir='ltr'>velutid</span> <span class='ocrx_word' id='word_1_162' title='bbox 1531 2354 1642 2417; x_wconf 71' lang='lat' dir='ltr'>tundirin</span> 
     </span>
     <span class='ocr_line' id='line_1_18' title="bbox 312 2434 1643 2523; baseline 0.001 -24"><span class='ocrx_word' id='word_1_163' title='bbox 312 2456 400 2499; x_wconf 81' lang='lat' dir='ltr'>eruere</span> <span class='ocrx_word' id='word_1_164' title='bbox 420 2434 536 2521; x_wconf 77' lang='lat' dir='ltr'>satagis,</span> <span class='ocrx_word' id='word_1_165' title='bbox 555 2436 605 2498; x_wconf 78' lang='lat' dir='ltr'>lice</span> <span class='ocrx_word' id='word_1_166' title='bbox 620 2456 730 2518; x_wconf 86' lang='lat' dir='ltr'>quoque</span> <span class='ocrx_word' id='word_1_167' title='bbox 745 2440 893 2520; x_wconf 76' lang='lat' dir='ltr'>puellariter</span> <span class='ocrx_word' id='word_1_168' title='bbox 902 2442 997 2511; x_wconf 81' lang='lat' dir='ltr'>Viros,</span> <span class='ocrx_word' id='word_1_169' title='bbox 1016 2455 1097 2523; x_wconf 84' lang='lat' dir='ltr'>atque</span> <span class='ocrx_word' id='word_1_170' title='bbox 1105 2438 1251 2500; x_wconf 73' lang='lat' dir='ltr'>uniuersam</span> <span class='ocrx_word' id='word_1_171' title='bbox 1267 2437 1411 2498; x_wconf 87' lang='lat' dir='ltr'>Psellorum</span> <span class='ocrx_word' id='word_1_172' title='bbox 1418 2438 1548 2499; x_wconf 69' lang='lat' dir='ltr'>cuniae</span> <span class='ocrx_word' id='word_1_173' title='bbox 1560 2458 1643 2519; x_wconf 68' lang='lat' dir='ltr'>qum</span> 
     </span>
     <span class='ocr_line' id='line_1_19' title="bbox 303 2522 1642 2605; baseline 0.001 -24"><span class='ocrx_word' id='word_1_174' title='bbox 303 2524 411 2601; x_wconf 80' lang='lat' dir='ltr'>&#39;primus</span> <span class='ocrx_word' id='word_1_175' title='bbox 421 2524 536 2601; x_wconf 84' lang='lat' dir='ltr'>explico,</span> <span class='ocrx_word' id='word_1_176' title='bbox 552 2522 719 2602; x_wconf 70' lang='lat' dir='ltr'>ordinemne,</span> <span class='ocrx_word' id='word_1_177' title='bbox 735 2540 809 2583; x_wconf 90' lang='lat' dir='ltr'>tuam</span> <span class='ocrx_word' id='word_1_178' title='bbox 819 2526 848 2583; x_wconf 88' lang='lat' dir='ltr'>in</span> <span class='ocrx_word' id='word_1_179' title='bbox 857 2526 1005 2586; x_wconf 87' lang='lat' dir='ltr'>clientelam</span> <span class='ocrx_word' id='word_1_180' title='bbox 1015 2527 1156 2605; x_wconf 75' lang='lat' dir='ltr'>acceperis.</span> <span class='ocrx_word' id='word_1_181' title='bbox 1197 2528 1240 2584; x_wconf 80' lang='lat' dir='ltr'>An</span> <span class='ocrx_word' id='word_1_182' title='bbox 1257 2541 1314 2583; x_wconf 86' lang='lat' dir='ltr'>non</span> <span class='ocrx_word' id='word_1_183' title='bbox 1331 2522 1407 2585; x_wconf 84' lang='lat' dir='ltr'>videt</span> <span class='ocrx_word' id='word_1_184' title='bbox 1423 2526 1471 2583; x_wconf 83' lang='lat' dir='ltr'>Vir</span> <span class='ocrx_word' id='word_1_185' title='bbox 1488 2524 1642 2601; x_wconf 70' lang='lat' dir='ltr'>prusbntir·</span> 
     </span>
     <span class='ocr_line' id='line_1_20' title="bbox 312 2602 1638 2693; baseline 0 -26"><span class='ocrx_word' id='word_1_186' title='bbox 312 2606 389 2674; x_wconf 78' lang='lat' dir='ltr'>sune,</span> <span class='ocrx_word' id='word_1_187' title='bbox 408 2608 461 2667; x_wconf 88' lang='lat' dir='ltr'>boc</span> <span class='ocrx_word' id='word_1_188' title='bbox 472 2623 645 2667; x_wconf 77' lang='lat' dir='ltr'>mentonem</span> <span class='ocrx_word' id='word_1_189' title='bbox 663 2628 718 2667; x_wconf 83' lang='lat' dir='ltr'>tem</span> <span class='ocrx_word' id='word_1_190' title='bbox 737 2610 830 2669; x_wconf 77' lang='lat' dir='ltr'>melius</span> <span class='ocrx_word' id='word_1_191' title='bbox 845 2606 907 2677; x_wconf 86' lang='lat' dir='ltr'>esse,</span> <span class='ocrx_word' id='word_1_192' title='bbox 924 2629 1006 2689; x_wconf 83' lang='lat' dir='ltr'>quant</span> <span class='ocrx_word' id='word_1_193' title='bbox 1016 2608 1069 2691; x_wconf 77' lang='lat' dir='ltr'>ipse</span> <span class='ocrx_word' id='word_1_194' title='bbox 1079 2602 1221 2687; x_wconf 64' lang='lat' dir='ltr'>putam?</span> <span class='ocrx_word' id='word_1_195' title='bbox 1245 2613 1317 2669; x_wconf 86' lang='lat' dir='ltr'>Dum</span> <span class='ocrx_word' id='word_1_196' title='bbox 1325 2604 1638 2693; x_wconf 68' lang='lat' dir='ltr'>enimdel’lillieagirura</span> 
     </span>
     <span class='ocr_line' id='line_1_21' title="bbox 313 2690 1638 2774; baseline -0.001 -22"><span class='ocrx_word' id='word_1_197' title='bbox 313 2694 430 2752; x_wconf 82' lang='lat' dir='ltr'>Simenni</span> <span class='ocrx_word' id='word_1_198' title='bbox 444 2692 625 2769; x_wconf 79' lang='lat' dir='ltr'>Metapbraslae</span> <span class='ocrx_word' id='word_1_199' title='bbox 641 2692 763 2770; x_wconf 83' lang='lat' dir='ltr'>prospere</span> <span class='ocrx_word' id='word_1_200' title='bbox 771 2696 863 2755; x_wconf 82' lang='lat' dir='ltr'>ornnia</span> <span class='ocrx_word' id='word_1_201' title='bbox 879 2696 1030 2774; x_wconf 77' lang='lat' dir='ltr'>processere.</span> <span class='ocrx_word' id='word_1_202' title='bbox 1068 2698 1163 2755; x_wconf 73' lang='lat' dir='ltr'>Lateri</span> <span class='ocrx_word' id='word_1_203' title='bbox 1174 2690 1302 2771; x_wconf 79' lang='lat' dir='ltr'>siquidem</span> <span class='ocrx_word' id='word_1_204' title='bbox 1312 2691 1426 2752; x_wconf 80' lang='lat' dir='ltr'>universi</span> <span class='ocrx_word' id='word_1_205' title='bbox 1444 2690 1562 2769; x_wconf 74' lang='lat' dir='ltr'>poliunt.</span> <span class='ocrx_word' id='word_1_206' title='bbox 1585 2690 1638 2751; x_wconf 84' lang='lat' dir='ltr'>iic·</span> 
     </span>
     <span class='ocr_line' id='line_1_22' title="bbox 314 2774 1643 2859; baseline 0 -24"><span class='ocrx_word' id='word_1_207' title='bbox 314 2780 414 2835; x_wconf 83' lang='lat' dir='ltr'>minem</span> <span class='ocrx_word' id='word_1_208' title='bbox 435 2774 471 2834; x_wconf 91' lang='lat' dir='ltr'>de</span> <span class='ocrx_word' id='word_1_209' title='bbox 489 2777 601 2836; x_wconf 76' lang='lat' dir='ltr'>mimia</span> <span class='ocrx_word' id='word_1_210' title='bbox 621 2776 796 2838; x_wconf 81' lang='lat' dir='ltr'>Ecclesiastica</span> <span class='ocrx_word' id='word_1_211' title='bbox 818 2796 873 2839; x_wconf 77' lang='lat' dir='ltr'>tam</span> <span class='ocrx_word' id='word_1_212' title='bbox 891 2780 958 2841; x_wconf 87' lang='lat' dir='ltr'>bene</span> <span class='ocrx_word' id='word_1_213' title='bbox 973 2782 1150 2859; x_wconf 81' lang='lat' dir='ltr'>promeritum</span> <span class='ocrx_word' id='word_1_214' title='bbox 1173 2776 1348 2856; x_wconf 74' lang='lat' dir='ltr'>miserequed</span> <span class='ocrx_word' id='word_1_215' title='bbox 1365 2776 1555 2837; x_wconf 84' lang='lat' dir='ltr'>recentioribur</span> <span class='ocrx_word' id='word_1_216' title='bbox 1568 2791 1643 2835; x_wconf 79' lang='lat' dir='ltr'>ecce·</span> 
     </span>
     <span class='ocr_line' id='line_1_23' title="bbox 239 2858 1647 2949; baseline 0.001 -30"><span class='ocrx_word' id='word_1_217' title='bbox 239 2896 243 2903; x_wconf 93' lang='lat'><em>-</em></span> <span class='ocrx_word' id='word_1_218' title='bbox 313 2876 406 2939; x_wconf 88' lang='lat' dir='ltr'>ptum,</span> <span class='ocrx_word' id='word_1_219' title='bbox 426 2880 498 2920; x_wconf 88' lang='lat' dir='ltr'>nunc</span> <span class='ocrx_word' id='word_1_220' title='bbox 508 2864 624 2939; x_wconf 88' lang='lat' dir='ltr'>primum</span> <span class='ocrx_word' id='word_1_221' title='bbox 634 2859 772 2949; x_wconf 82' lang='lat' dir='ltr'>dignitati,</span> <span class='ocrx_word' id='word_1_222' title='bbox 793 2864 994 2943; x_wconf 72' lang='lat' dir='ltr'>ausloeitatique</span> <span class='ocrx_word' id='word_1_223' title='bbox 1009 2862 1176 2931; x_wconf 81' lang='lat' dir='ltr'>restitutum,</span> <span class='ocrx_word' id='word_1_224' title='bbox 1202 2865 1230 2919; x_wconf 90' lang='lat' dir='ltr'>in</span> <span class='ocrx_word' id='word_1_225' title='bbox 1242 2860 1374 2921; x_wconf 80' lang='lat' dir='ltr'>theatrum</span> <span class='ocrx_word' id='word_1_226' title='bbox 1383 2858 1517 2923; x_wconf 73' lang='lat' dir='ltr'>accedere.</span> <span class='ocrx_word' id='word_1_227' title='bbox 1556 2866 1647 2923; x_wconf 75' lang='lat' dir='ltr'>Neruo</span> 
     </span>
     <span class='ocr_line' id='line_1_24' title="bbox 315 2942 1643 3029; baseline 0.004 -27"><span class='ocrx_word' id='word_1_228' title='bbox 315 2946 367 3013; x_wconf 74' lang='lat' dir='ltr'>eli,</span> <span class='ocrx_word' id='word_1_229' title='bbox 383 2947 410 3003; x_wconf 88' lang='lat' dir='ltr'>in</span> <span class='ocrx_word' id='word_1_230' title='bbox 422 2963 501 3022; x_wconf 87' lang='lat' dir='ltr'>quem</span> <span class='ocrx_word' id='word_1_231' title='bbox 511 2948 685 3014; x_wconf 79' lang='lat' dir='ltr'>tamtctiter,</span> <span class='ocrx_word' id='word_1_232' title='bbox 706 2945 1014 3025; x_wconf 84' lang='lat' dir='ltr'>subdolequehomintnn</span> <span class='ocrx_word' id='word_1_233' title='bbox 1024 2948 1137 3029; x_wconf 82' lang='lat' dir='ltr'>ingenia</span> <span class='ocrx_word' id='word_1_234' title='bbox 1147 2942 1273 3011; x_wconf 79' lang='lat' dir='ltr'>luserint:</span> <span class='ocrx_word' id='word_1_235' title='bbox 1298 2948 1326 3005; x_wconf 93' lang='lat' dir='ltr'>in</span> <span class='ocrx_word' id='word_1_236' title='bbox 1338 2946 1536 3017; x_wconf 81' lang='lat' dir='ltr'>millesomrar,</span> <span class='ocrx_word' id='word_1_237' title='bbox 1553 2962 1643 3007; x_wconf 78' lang='lat' dir='ltr'>cortun</span> 
     </span>
     <span class='ocr_line' id='line_1_25' title="bbox 314 3029 1643 3116; baseline 0.002 -29"><span class='ocrx_word' id='word_1_238' title='bbox 314 3029 432 3095; x_wconf 83' lang='lat' dir='ltr'>incuria,</span> <span class='ocrx_word' id='word_1_239' title='bbox 452 3044 568 3090; x_wconf 80' lang='lat' dir='ltr'>mutatus</span> <span class='ocrx_word' id='word_1_240' title='bbox 576 3031 633 3097; x_wconf 82' lang='lat' dir='ltr'>ille,</span> <span class='ocrx_word' id='word_1_241' title='bbox 653 3029 860 3092; x_wconf 71' lang='lat' dir='ltr'>chameleontis</span> <span class='ocrx_word' id='word_1_242' title='bbox 872 3032 951 3090; x_wconf 84' lang='lat' dir='ltr'>inllat</span> <span class='ocrx_word' id='word_1_243' title='bbox 964 3029 1116 3098; x_wconf 80' lang='lat' dir='ltr'>verlicolor,</span> <span class='ocrx_word' id='word_1_244' title='bbox 1136 3030 1241 3108; x_wconf 91' lang='lat' dir='ltr'>prodiit.</span> <span class='ocrx_word' id='word_1_245' title='bbox 1282 3033 1351 3089; x_wconf 83' lang='lat' dir='ltr'>Hinc</span> <span class='ocrx_word' id='word_1_246' title='bbox 1365 3050 1429 3090; x_wconf 89' lang='lat' dir='ltr'>eum</span> <span class='ocrx_word' id='word_1_247' title='bbox 1442 3030 1579 3116; x_wconf 70' lang='lat' dir='ltr'>Religioni</span> <span class='ocrx_word' id='word_1_248' title='bbox 1595 3046 1643 3089; x_wconf 84' lang='lat' dir='ltr'>no·</span> 
     </span>
     <span class='ocr_line' id='line_1_26' title="bbox 317 3110 1646 3197; baseline 0.004 -26"><span class='ocrx_word' id='word_1_249' title='bbox 317 3131 380 3172; x_wconf 88' lang='lat' dir='ltr'>men</span> <span class='ocrx_word' id='word_1_250' title='bbox 395 3110 502 3183; x_wconf 82' lang='lat' dir='ltr'>dedisse.</span> <span class='ocrx_word' id='word_1_251' title='bbox 520 3114 626 3174; x_wconf 84' lang='lat' dir='ltr'>&amp;inter</span> <span class='ocrx_word' id='word_1_252' title='bbox 637 3113 774 3197; x_wconf 80' lang='lat' dir='ltr'>religiosor</span> <span class='ocrx_word' id='word_1_253' title='bbox 786 3132 882 3185; x_wconf 74' lang='lat' dir='ltr'>cottus,</span> <span class='ocrx_word' id='word_1_254' title='bbox 901 3115 1068 3182; x_wconf 82' lang='lat' dir='ltr'>bonoribus,</span> <span class='ocrx_word' id='word_1_255' title='bbox 1087 3132 1119 3174; x_wconf 79' lang='lat' dir='ltr'>cc</span> <span class='ocrx_word' id='word_1_256' title='bbox 1138 3113 1312 3196; x_wconf 78' lang='lat' dir='ltr'>dignitatibus</span> <span class='ocrx_word' id='word_1_257' title='bbox 1321 3115 1478 3177; x_wconf 86' lang='lat' dir='ltr'>decoratum</span> <span class='ocrx_word' id='word_1_258' title='bbox 1494 3126 1646 3185; x_wconf 72' lang='lat' dir='ltr'>auumurrlt</span> 
     </span>
     <span class='ocr_line' id='line_1_27' title="bbox 317 3196 1647 3285; baseline 0.005 -30"><span class='ocrx_word' id='word_1_259' title='bbox 317 3216 397 3275; x_wconf 76' lang='lat' dir='ltr'>quem</span> <span class='ocrx_word' id='word_1_260' title='bbox 414 3214 502 3258; x_wconf 86' lang='lat' dir='ltr'>tamen</span> <span class='ocrx_word' id='word_1_261' title='bbox 512 3218 560 3257; x_wconf 90' lang='lat' dir='ltr'>nec</span> <span class='ocrx_word' id='word_1_262' title='bbox 574 3197 668 3281; x_wconf 80' lang='lat' dir='ltr'>fugisse</span> <span class='ocrx_word' id='word_1_263' title='bbox 686 3202 802 3278; x_wconf 84' lang='lat' dir='ltr'>nuptias,</span> <span class='ocrx_word' id='word_1_264' title='bbox 819 3200 848 3259; x_wconf 81' lang='grc' dir='ltr'>δι</span> <span class='ocrx_word' id='word_1_265' title='bbox 861 3202 977 3285; x_wconf 79' lang='lat' dir='ltr'>negotiis</span> <span class='ocrx_word' id='word_1_266' title='bbox 989 3199 1108 3259; x_wconf 81' lang='lat' dir='ltr'>civilibus</span> <span class='ocrx_word' id='word_1_267' title='bbox 1122 3240 1131 3268; x_wconf 89' lang='lat'>‚</span> <span class='ocrx_word' id='word_1_268' title='bbox 1148 3216 1227 3278; x_wconf 85' lang='lat' dir='ltr'>atque</span> <span class='ocrx_word' id='word_1_269' title='bbox 1238 3202 1331 3259; x_wconf 83' lang='lat' dir='ltr'>aulicis</span> <span class='ocrx_word' id='word_1_270' title='bbox 1348 3196 1495 3270; x_wconf 78' lang='lat' dir='ltr'>adioeiiie,</span> <span class='ocrx_word' id='word_1_271' title='bbox 1509 3218 1583 3261; x_wconf 83' lang='lat' dir='ltr'>certo</span> <span class='ocrx_word' id='word_1_272' title='bbox 1593 3217 1647 3261; x_wconf 79' lang='lat' dir='ltr'>tet·</span> 
     </span>
     <span class='ocr_line' id='line_1_28' title="bbox 318 3281 1650 3363; baseline 0.008 -23"><span class='ocrx_word' id='word_1_273' title='bbox 318 3282 418 3348; x_wconf 84' lang='lat' dir='ltr'>tiusesl.</span> <span class='ocrx_word' id='word_1_274' title='bbox 458 3286 526 3342; x_wconf 81' lang='lat' dir='ltr'>Sunt</span> <span class='ocrx_word' id='word_1_275' title='bbox 536 3287 650 3362; x_wconf 85' lang='lat' dir='ltr'>quicum</span> <span class='ocrx_word' id='word_1_276' title='bbox 660 3282 688 3341; x_wconf 84' lang='lat' dir='ltr'>de</span> <span class='ocrx_word' id='word_1_277' title='bbox 701 3281 720 3342; x_wconf 90' lang='lat' dir='ltr'>st</span> <span class='ocrx_word' id='word_1_278' title='bbox 735 3282 826 3344; x_wconf 81' lang='lat' dir='ltr'>mediae</span> <span class='ocrx_word' id='word_1_279' title='bbox 837 3288 922 3344; x_wconf 81' lang='lat' dir='ltr'>aetetis</span> <span class='ocrx_word' id='word_1_280' title='bbox 934 3286 1109 3363; x_wconf 75' lang='lat' dir='ltr'>scriptorem,</span> <span class='ocrx_word' id='word_1_281' title='bbox 1126 3282 1337 3363; x_wconf 76' lang='lat' dir='ltr'>antiquissimum</span> <span class='ocrx_word' id='word_1_282' title='bbox 1348 3285 1525 3345; x_wconf 80' lang='lat' dir='ltr'>nibilominus</span> <span class='ocrx_word' id='word_1_283' title='bbox 1536 3288 1650 3350; x_wconf 71' lang='lat' dir='ltr'>sewini·</span> 
     </span>
     <span class='ocr_line' id='line_1_29' title="bbox 318 3362 1652 3452; baseline 0.007 -31"><span class='ocrx_word' id='word_1_284' title='bbox 318 3362 380 3425; x_wconf 87' lang='lat' dir='ltr'>suut</span> <span class='ocrx_word' id='word_1_285' title='bbox 393 3367 422 3424; x_wconf 81' lang='lat' dir='ltr'>de</span> <span class='ocrx_word' id='word_1_286' title='bbox 437 3370 484 3442; x_wconf 84' lang='lat' dir='ltr'>qui</span> <span class='ocrx_word' id='word_1_287' title='bbox 500 3365 719 3435; x_wconf 84' lang='lat' dir='ltr'>recentirsimum:</span> <span class='ocrx_word' id='word_1_288' title='bbox 742 3370 822 3428; x_wconf 86' lang='lat' dir='ltr'>multi</span> <span class='ocrx_word' id='word_1_289' title='bbox 836 3371 930 3428; x_wconf 81' lang='lat' dir='ltr'>i&#39;irum</span> <span class='ocrx_word' id='word_1_290' title='bbox 942 3367 1003 3430; x_wconf 88' lang='lat' dir='ltr'>saue</span> <span class='ocrx_word' id='word_1_291' title='bbox 1011 3369 1143 3437; x_wconf 87' lang='lat' dir='ltr'>nobilem,</span> <span class='ocrx_word' id='word_1_292' title='bbox 1161 3370 1304 3452; x_wconf 81' lang='lat' dir='ltr'>&amp;magnis</span> <span class='ocrx_word' id='word_1_293' title='bbox 1318 3368 1414 3446; x_wconf 82' lang='lat' dir='ltr'>opibus</span> <span class='ocrx_word' id='word_1_294' title='bbox 1424 3370 1586 3447; x_wconf 71' lang='lat' dir='ltr'>petentum.</span> <span class='ocrx_word' id='word_1_295' title='bbox 1605 3372 1652 3431; x_wconf 87' lang='lat' dir='ltr'>mi·</span> 
     </span>
     <span class='ocr_line' id='line_1_30' title="bbox 321 3448 1656 3537; baseline 0.006 -30"><span class='ocrx_word' id='word_1_296' title='bbox 321 3448 424 3515; x_wconf 75' lang='lat' dir='ltr'>serum,</span> <span class='ocrx_word' id='word_1_297' title='bbox 444 3452 603 3529; x_wconf 85' lang='lat' dir='ltr'>inopemque</span> <span class='ocrx_word' id='word_1_298' title='bbox 616 3467 693 3529; x_wconf 82' lang='lat' dir='ltr'>atque</span> <span class='ocrx_word' id='word_1_299' title='bbox 706 3473 791 3513; x_wconf 89' lang='lat' dir='ltr'>unum</span> <span class='ocrx_word' id='word_1_300' title='bbox 800 3452 834 3512; x_wconf 90' lang='lat' dir='ltr'>de</span> <span class='ocrx_word' id='word_1_301' title='bbox 845 3455 934 3522; x_wconf 82' lang='lat' dir='ltr'>trivio.</span> <span class='ocrx_word' id='word_1_302' title='bbox 956 3454 998 3523; x_wconf 84' lang='lat' dir='ltr'>de,</span> <span class='ocrx_word' id='word_1_303' title='bbox 1019 3451 1123 3515; x_wconf 76' lang='lat' dir='ltr'>erliO</span> <span class='ocrx_word' id='word_1_304' title='bbox 1133 3458 1217 3532; x_wconf 85' lang='lat' dir='ltr'>placet</span> <span class='ocrx_word' id='word_1_305' title='bbox 1230 3492 1238 3523; x_wconf 86' lang='lat'><strong>,</strong></span> <span class='ocrx_word' id='word_1_306' title='bbox 1279 3454 1503 3537; x_wconf 77' lang='lat' dir='ltr'>ludimagilimm</span> <span class='ocrx_word' id='word_1_307' title='bbox 1514 3454 1656 3533; x_wconf 82' lang='lat' dir='ltr'>impurien-</span> 
     </span>
     <span class='ocr_line' id='line_1_31' title="bbox 321 3529 1656 3618; baseline 0.004 -25"><span class='ocrx_word' id='word_1_308' title='bbox 321 3531 417 3593; x_wconf 77' lang='lat' dir='ltr'>tissime</span> <span class='ocrx_word' id='word_1_309' title='bbox 435 3529 573 3597; x_wconf 80' lang='lat' dir='ltr'>blaterant</span> <span class='ocrx_word' id='word_1_310' title='bbox 613 3536 701 3613; x_wconf 83' lang='lat' dir='ltr'>dliqui</span> <span class='ocrx_word' id='word_1_311' title='bbox 720 3558 754 3597; x_wconf 82' lang='lat' dir='ltr'>ex</span> <span class='ocrx_word' id='word_1_312' title='bbox 775 3536 915 3615; x_wconf 79' lang='lat' dir='ltr'>pluribus,</span> <span class='ocrx_word' id='word_1_313' title='bbox 942 3539 1028 3618; x_wconf 83' lang='lat' dir='ltr'>iisque</span> <span class='ocrx_word' id='word_1_314' title='bbox 1051 3538 1173 3609; x_wconf 78' lang='lat' dir='ltr'>diuersis,</span> <span class='ocrx_word' id='word_1_315' title='bbox 1189 3558 1274 3617; x_wconf 90' lang='lat' dir='ltr'>neque</span> <span class='ocrx_word' id='word_1_316' title='bbox 1297 3540 1376 3597; x_wconf 87' lang='lat' dir='ltr'>unius</span> <span class='ocrx_word' id='word_1_317' title='bbox 1401 3538 1465 3598; x_wconf 82' lang='lat' dir='ltr'>litlei</span> <span class='ocrx_word' id='word_1_318' title='bbox 1490 3540 1656 3607; x_wconf 64' lang='lat' dir='ltr'>bominibus</span> 
     </span>
     <span class='ocr_line' id='line_1_32' title="bbox 323 3616 1658 3703; baseline 0.005 -25"><span class='ocrx_word' id='word_1_319' title='bbox 323 3637 410 3678; x_wconf 86' lang='lat' dir='ltr'>unum</span> <span class='ocrx_word' id='word_1_320' title='bbox 422 3616 499 3679; x_wconf 82' lang='lat' dir='ltr'>nobie</span> <span class='ocrx_word' id='word_1_321' title='bbox 510 3620 588 3678; x_wconf 83' lang='lat' dir='ltr'>variis</span> <span class='ocrx_word' id='word_1_322' title='bbox 599 3616 714 3678; x_wconf 75' lang='lat' dir='ltr'>indudlir</span> <span class='ocrx_word' id='word_1_323' title='bbox 729 3622 839 3689; x_wconf 78' lang='lat' dir='ltr'>sonnis,</span> <span class='ocrx_word' id='word_1_324' title='bbox 861 3624 888 3680; x_wconf 85' lang='lat' dir='ltr'>de</span> <span class='ocrx_word' id='word_1_325' title='bbox 906 3622 1288 3703; x_wconf 82' lang='lat' dir='ltr'>membtitundiqueoollatis.</span> <span class='ocrx_word' id='word_1_326' title='bbox 1309 3624 1336 3680; x_wconf 90' lang='lat' dir='ltr'>in</span> <span class='ocrx_word' id='word_1_327' title='bbox 1356 3624 1504 3683; x_wconf 86' lang='lat' dir='ltr'>monslrum</span> <span class='ocrx_word' id='word_1_328' title='bbox 1522 3623 1658 3685; x_wconf 84' lang='lat' dir='ltr'>desotma·</span> 
     </span>
     <span class='ocr_line' id='line_1_33' title="bbox 323 3704 1657 3793; baseline 0.005 -31"><span class='ocrx_word' id='word_1_329' title='bbox 323 3718 402 3772; x_wconf 88' lang='lat' dir='ltr'>runt;</span> <span class='ocrx_word' id='word_1_330' title='bbox 417 3706 553 3762; x_wconf 83' lang='lat' dir='ltr'>contrario</span> <span class='ocrx_word' id='word_1_331' title='bbox 573 3704 589 3762; x_wconf 74' lang='lat' dir='ltr'>i</span> <span class='ocrx_word' id='word_1_332' title='bbox 605 3706 723 3764; x_wconf 74' lang='lat' dir='ltr'>Zeuxide</span> <span class='ocrx_word' id='word_1_333' title='bbox 745 3707 881 3785; x_wconf 67' lang='lat' dir='ltr'>amplo,</span> <span class='ocrx_word' id='word_1_334' title='bbox 899 3709 947 3785; x_wconf 87' lang='lat' dir='ltr'>qui</span> <span class='ocrx_word' id='word_1_335' title='bbox 970 3710 986 3767; x_wconf 77' lang='grc' dir='ltr'><strong><em>ὁ</em></strong></span> <span class='ocrx_word' id='word_1_336' title='bbox 1008 3704 1384 3792; x_wconf 76' lang='lat' dir='ltr'>l&#39;itginibuslcrmosnstmir.</span> <span class='ocrx_word' id='word_1_337' title='bbox 1402 3728 1469 3787; x_wconf 85' lang='lat' dir='ltr'>quar</span> <span class='ocrx_word' id='word_1_338' title='bbox 1486 3709 1534 3769; x_wconf 89' lang='lat' dir='ltr'>ille</span> <span class='ocrx_word' id='word_1_339' title='bbox 1549 3708 1657 3793; x_wconf 81' lang='lat' dir='ltr'>delege-</span> 
     </span>
     <span class='ocr_line' id='line_1_34' title="bbox 324 3786 1656 3873; baseline 0.007 -28"><span class='ocrx_word' id='word_1_340' title='bbox 324 3802 380 3853; x_wconf 78' lang='lat' dir='ltr'>rat,</span> <span class='ocrx_word' id='word_1_341' title='bbox 402 3790 504 3849; x_wconf 80' lang='lat' dir='ltr'>Hesemc</span> <span class='ocrx_word' id='word_1_342' title='bbox 520 3786 707 3858; x_wconf 76' lang='lat' dir='ltr'>simulacrum,</span> <span class='ocrx_word' id='word_1_343' title='bbox 726 3794 866 3873; x_wconf 84' lang='lat' dir='ltr'>egregium</span> <span class='ocrx_word' id='word_1_344' title='bbox 888 3788 982 3851; x_wconf 87' lang='lat' dir='ltr'>scilicet</span> <span class='ocrx_word' id='word_1_345' title='bbox 1001 3795 1136 3855; x_wconf 81' lang='lat' dir='ltr'>muliebris</span> <span class='ocrx_word' id='word_1_346' title='bbox 1154 3792 1356 3871; x_wconf 74' lang='lat' dir='ltr'>pulchritudinis</span> <span class='ocrx_word' id='word_1_347' title='bbox 1372 3810 1440 3869; x_wconf 80' lang='lat' dir='ltr'>opus</span> <span class='ocrx_word' id='word_1_348' title='bbox 1457 3834 1467 3861; x_wconf 85' lang='lat'>,</span> <span class='ocrx_word' id='word_1_349' title='bbox 1490 3793 1656 3871; x_wconf 67' lang='lat' dir='ltr'>depinxerat.</span> 
     </span>
     <span class='ocr_line' id='line_1_35' title="bbox 324 3872 1656 3963; baseline 0.006 -34"><span class='ocrx_word' id='word_1_350' title='bbox 324 3874 385 3929; x_wconf 85' lang='lat' dir='ltr'>Nec</span> <span class='ocrx_word' id='word_1_351' title='bbox 395 3874 546 3933; x_wconf 82' lang='lat' dir='ltr'>minutalia</span> <span class='ocrx_word' id='word_1_352' title='bbox 567 3872 702 3943; x_wconf 81' lang='lat' dir='ltr'>sexcenta,</span> <span class='ocrx_word' id='word_1_353' title='bbox 724 3894 784 3953; x_wconf 80' lang='lat' dir='ltr'>quae</span> <span class='ocrx_word' id='word_1_354' title='bbox 794 3876 914 3954; x_wconf 76' lang='lat' dir='ltr'>quamvis</span> <span class='ocrx_word' id='word_1_355' title='bbox 929 3876 1014 3934; x_wconf 92' lang='lat' dir='ltr'>obiter</span> <span class='ocrx_word' id='word_1_356' title='bbox 1022 3880 1051 3936; x_wconf 89' lang='lat' dir='ltr'>in</span> <span class='ocrx_word' id='word_1_357' title='bbox 1064 3877 1178 3937; x_wconf 77' lang='lat' dir='ltr'>Diauiba</span> <span class='ocrx_word' id='word_1_358' title='bbox 1197 3880 1344 3959; x_wconf 79' lang='lat' dir='ltr'>attingam.</span> <span class='ocrx_word' id='word_1_359' title='bbox 1368 3880 1656 3963; x_wconf 75' lang='lat' dir='ltr'>quiatcmeniongio·</span> 
     </span>
     <span class='ocr_line' id='line_1_36' title="bbox 325 3950 1657 4043; baseline 0.008 -32"><span class='ocrx_word' id='word_1_360' title='bbox 325 3970 381 4011; x_wconf 83' lang='lat' dir='ltr'>tem</span> <span class='ocrx_word' id='word_1_361' title='bbox 392 3950 538 4015; x_wconf 86' lang='lat' dir='ltr'>sermonem</span> <span class='ocrx_word' id='word_1_362' title='bbox 547 3956 712 4034; x_wconf 81' lang='lat' dir='ltr'>exposcunt,</span> <span class='ocrx_word' id='word_1_363' title='bbox 731 3956 857 4039; x_wconf 80' lang='lat' dir='ltr'>lingulati</span> <span class='ocrx_word' id='word_1_364' title='bbox 872 3958 1012 4018; x_wconf 70' lang='lat' dir='ltr'>Ttaliami</span> <span class='ocrx_word' id='word_1_365' title='bbox 1022 3964 1039 4019; x_wconf 72' lang='lat' dir='ltr'>i</span> <span class='ocrx_word' id='word_1_366' title='bbox 1051 3978 1094 4020; x_wconf 87' lang='lat' dir='ltr'>me</span> <span class='ocrx_word' id='word_1_367' title='bbox 1110 3960 1279 4020; x_wconf 76' lang='lat' dir='ltr'>destinantur.</span> <span class='ocrx_word' id='word_1_368' title='bbox 1321 3960 1464 4020; x_wconf 82' lang='lat' dir='ltr'>Dintribam</span> <span class='ocrx_word' id='word_1_369' title='bbox 1475 3964 1566 4043; x_wconf 83' lang='lat' dir='ltr'>imque</span> <span class='ocrx_word' id='word_1_370' title='bbox 1585 3962 1657 4021; x_wconf 85' lang='lat' dir='ltr'>banc</span> 
     </span>
     <span class='ocr_line' id='line_1_37' title="bbox 326 4035 1656 4125; baseline 0.008 -29"><span class='ocrx_word' id='word_1_371' title='bbox 326 4035 362 4096; x_wconf 88' lang='lat' dir='ltr'>ad</span> <span class='ocrx_word' id='word_1_372' title='bbox 380 4039 418 4093; x_wconf 84' lang='lat' dir='ltr'>Te</span> <span class='ocrx_word' id='word_1_373' title='bbox 434 4039 536 4107; x_wconf 87' lang='lat' dir='ltr'>mitto,</span> <span class='ocrx_word' id='word_1_374' title='bbox 569 4060 600 4097; x_wconf 88' lang='lat' dir='ltr'>ea</span> <span class='ocrx_word' id='word_1_375' title='bbox 615 4040 786 4111; x_wconf 81' lang='lat' dir='ltr'>conditione,</span> <span class='ocrx_word' id='word_1_376' title='bbox 809 4059 838 4101; x_wconf 88' lang='lat' dir='ltr'>ut</span> <span class='ocrx_word' id='word_1_377' title='bbox 851 4044 926 4103; x_wconf 82' lang='lat' dir='ltr'>illam</span> <span class='ocrx_word' id='word_1_378' title='bbox 943 4048 995 4103; x_wconf 84' lang='lat' dir='ltr'>tuis</span> <span class='ocrx_word' id='word_1_379' title='bbox 1013 4046 1100 4110; x_wconf 80' lang='lat' dir='ltr'>notia,</span> <span class='ocrx_word' id='word_1_380' title='bbox 1117 4060 1198 4122; x_wconf 84' lang='lat' dir='ltr'>atque</span> <span class='ocrx_word' id='word_1_381' title='bbox 1210 4044 1442 4104; x_wconf 77' lang='lat' dir='ltr'>Oliseruatinnibus</span> <span class='ocrx_word' id='word_1_382' title='bbox 1453 4044 1533 4122; x_wconf 81' lang='lat' dir='ltr'>ipsu,</span> <span class='ocrx_word' id='word_1_383' title='bbox 1547 4066 1616 4125; x_wconf 80' lang='lat' dir='ltr'>quar</span> <span class='ocrx_word' id='word_1_384' title='bbox 1627 4048 1656 4107; x_wconf 85' lang='lat' dir='ltr'>iu</span> 
     </span>
     <span class='ocr_line' id='line_1_38' title="bbox 324 4120 1658 4213; baseline 0.01 -35"><span class='ocrx_word' id='word_1_385' title='bbox 324 4120 507 4200; x_wconf 78' lang='lat' dir='ltr'>perlustrandis</span> <span class='ocrx_word' id='word_1_386' title='bbox 529 4122 654 4181; x_wconf 77' lang='lat' dir='ltr'>omnibus</span> <span class='ocrx_word' id='word_1_387' title='bbox 671 4130 832 4185; x_wconf 81' lang='lat' dir='ltr'>Venetorum</span> <span class='ocrx_word' id='word_1_388' title='bbox 858 4128 1039 4195; x_wconf 76' lang='lat' dir='ltr'>bibliothecis.</span> <span class='ocrx_word' id='word_1_389' title='bbox 1066 4128 1190 4204; x_wconf 75' lang='lat' dir='ltr'>opinus.</span> <span class='ocrx_word' id='word_1_390' title='bbox 1207 4146 1237 4187; x_wconf 94' lang='lat' dir='ltr'>ut</span> <span class='ocrx_word' id='word_1_391' title='bbox 1252 4127 1499 4197; x_wconf 73' lang='lat' dir='ltr'>allinundumell.</span> <span class='ocrx_word' id='word_1_392' title='bbox 1513 4132 1658 4213; x_wconf 79' lang='lat' dir='ltr'>collegiis</span> 
     </span>
     <span class='ocr_line' id='line_1_39' title="bbox 322 4202 1659 4295; baseline 0.01 -33"><span class='ocrx_word' id='word_1_393' title='bbox 322 4210 485 4266; x_wconf 81' lang='lat' dir='ltr'>ornatiorem</span> <span class='ocrx_word' id='word_1_394' title='bbox 495 4204 609 4273; x_wconf 83' lang='lat' dir='ltr'>efficiat,</span> <span class='ocrx_word' id='word_1_395' title='bbox 627 4202 856 4287; x_wconf 74' lang='lat' dir='ltr'>reddasquectiam</span> <span class='ocrx_word' id='word_1_396' title='bbox 865 4212 1018 4273; x_wconf 67' lang='lat' dir='ltr'>attilium</span> <span class='ocrx_word' id='word_1_397' title='bbox 1064 4215 1137 4271; x_wconf 85' lang='lat' dir='ltr'>Nam</span> <span class='ocrx_word' id='word_1_398' title='bbox 1151 4211 1225 4290; x_wconf 78' lang='lat' dir='ltr'>ipse.</span> <span class='ocrx_word' id='word_1_399' title='bbox 1246 4212 1395 4283; x_wconf 77' lang='lat' dir='ltr'>dumalio,</span> <span class='ocrx_word' id='word_1_400' title='bbox 1414 4232 1444 4273; x_wconf 84' lang='lat' dir='ltr'>at</span> <span class='ocrx_word' id='word_1_401' title='bbox 1462 4236 1497 4275; x_wconf 91' lang='lat' dir='ltr'>ue</span> <span class='ocrx_word' id='word_1_402' title='bbox 1510 4218 1569 4275; x_wconf 84' lang='lat' dir='ltr'>alio</span> <span class='ocrx_word' id='word_1_403' title='bbox 1584 4232 1659 4295; x_wconf 79' lang='lat' dir='ltr'>perc·</span> 
     </span>
    </p>
   </div>
   <div class='ocr_carea' id='block_1_6' title="bbox 319 4234 1660 4441">
    <p class='ocr_par' dir='ltr' id='par_1_8' title="bbox 319 4234 1660 4441">
     <span class='ocr_line' id='line_1_40' title="bbox 319 4234 1660 4395; baseline 0.01 -46"><span class='ocrx_word' id='word_1_404' title='bbox 319 4294 448 4375; x_wconf 76' lang='lat' dir='ltr'>gtimtoe</span> <span class='ocrx_word' id='word_1_405' title='bbox 463 4292 584 4367; x_wconf 76' lang='lat' dir='ltr'>adrol03</span> <span class='ocrx_word' id='word_1_406' title='bbox 601 4288 805 4355; x_wconf 80' lang='lat' dir='ltr'>aduentantibur</span> <span class='ocrx_word' id='word_1_407' title='bbox 824 4296 898 4359; x_wconf 73' lang='lat' dir='ltr'>libris</span> <span class='ocrx_word' id='word_1_408' title='bbox 913 4294 1017 4357; x_wconf 83' lang='lat' dir='ltr'>curiosa</span> <span class='ocrx_word' id='word_1_409' title='bbox 1029 4293 1168 4359; x_wconf 79' lang='lat' dir='ltr'>sedulitate</span> <span class='ocrx_word' id='word_1_410' title='bbox 1178 4296 1286 4363; x_wconf 79' lang='lat' dir='ltr'>obvim</span> <span class='ocrx_word' id='word_1_411' title='bbox 1297 4234 1564 4381; x_wconf 22' lang='lat' dir='ltr'>procedo-‚iniitque</span> <span class='ocrx_word' id='word_1_412' title='bbox 1578 4314 1660 4395; x_wconf 65' lang='lat' dir='ltr'>pem·</span> 
     </span>
     <span class='ocr_line' id='line_1_41' title="bbox 1551 4397 1654 4441; baseline 0.019 -1"><span class='ocrx_word' id='word_1_413' title='bbox 1551 4397 1654 4441; x_wconf 78' lang='lat' dir='ltr'>netem</span> 
     </span>
    </p>
   </div>
   <div class='ocr_carea' id='block_1_7' title="bbox 0 0 1753 4904">
    <p class='ocr_par' dir='ltr' id='par_1_9' title="bbox 0 0 1753 4904">
     <span class='ocr_line' id='line_1_42' title="bbox 0 0 1753 4904; baseline 0 0"><span class='ocrx_word' id='word_1_414' title='bbox 0 0 1753 4904; x_wconf 95' lang='lat' dir='ltr'> </span> 
     </span>
    </p>
   </div>
  </div>
 </body>
</html>
